%-------------------------------------------------------------------------
@BOOK{Hull2000,
  AUTHOR =       {Hull, John C.},
  TITLE =        {{Options, Futures, and other Derivatives}},
  PUBLISHER =    {Fourth Edition, Prentice Hall International, Upper Saddle River},
  YEAR =         {2000},
}
% -------------------------------------------------------------------------
@ARTICLE{Cox1979,
  AUTHOR =       {Cox, J. and Ross, J. A. and Rubinstein, M.},
  TITLE =        {{Option Pricing: A Simplified Approach}},
  JOURNAL =      {Journal of Financial Economics, Vol. 7},
  PAGES = 			 {229-263},
  YEAR =         {1979},
}
% -------------------------------------------------------------------------
% Bei BÃ¼chern ist keine Seitenzahl vorgesehen. Deshalb muss sie bei Bedarf manuell unter PUBLISHER aufgenommen werden.
@BOOK{Bookstaber1986,
  AUTHOR =       {Bookstaber, Richard and Jacob, David P. and Langsam, Joseph A.},
  TITLE =        {{The Arbitrage-Free Pricing of Options on Interest-Sensitive Instruments}},
  PUBLISHER =    {In: Fabozzi, Frank J. (Hrsg.), Advances in Futures and Options Research, Vol. 1, Part A, Greenwich, JAI Press, S. 14-35},
  YEAR =         {1986},
}
% -------------------------------------------------------------------------
@ARTICLE{Skantze2000,
  AUTHOR =       {Skantze, Petter and Ilic, Marija},
  TITLE =        {{The Joint Dynamics of Electricity Spot and Forward Markets: Implications on Formulating Dynamic Hedging Strategies}},
  JOURNAL =      {Energy Laboratory Publication MIT EL 00-005, Massachusetts Institute of Technology},
  YEAR =         {2000},
}
% -------------------------------------------------------------------------
@ARTICLE{Schwerdtfeger2013,
  AUTHOR =       {Schwerdtfeger, Heike},
  TITLE =        {{Deutsche Bank - Gemeinsam zahlen}},
  JOURNAL =      {WirtschaftsWoche Online, http://www.wiwo.de/finanzen/geldanlage/deutsche-bank-gemeinsam-zahlen/7820392.html, 27.02.2013},
  YEAR =         {2013},
}
